%
%  Vzor bibliografické databáze pro automatickou tvorbu seznamu referencí
%  pomocí BibTeXu
%
%  Doporučený software pro správu databáze literatury formátu *.bib:
%    JabRef, http://jabref.sourceforge.net/
%
%  POZOR:
%
%    *  Písmena v názvech publikací, jež je třeba tisknout vždy velká, se musejí psát
%       do složených závorek ({T}hailand, {HIV})
%
%  ===========================================================================

@BOOK{Pecakova2018,
  title = {Statistika v terénních průzkumech},
  publisher = {Professional Publishing},
  year = {2018},
  author = {Pecáková, Iva},
  address = {Praha},
  isbn = {978-80-88260-10-3}
}


@incollection{Cermak2018,
  author = "Čermák, Radim and Smutný, Zdeněk",
  year = "2018",
  isbn = "978-1-5225-2727-5",
  url = "https://doi.org/10.4018/978-1-5225-2727-5.ch013",
  doi = "10.4018/978-1-5225-2727-5.ch013",
  title = "A Framework for Cultural Localization of Websites and for Improving Their Commercial Utilization",
  booktitle = "Global Observations of the Influence of Culture on Consumer Buying Behavior",
  address = "Hershey",
  publisher = "IGI Global",
  pages = "206-232",
}

@inproceedings{Hladik2018,
  author = "Hladík, Milan and Černý, Michal",
  year = "2018",
  isbn = "978-3-319-67136-9",
  url = "https://link.springer.com/chapter/10.1007%2F978-3-319-67137-6_31",
  doi = "10.1007/978-3-319-67137-6_31",
  title = "The Shape of the Optimal Value of a Fuzzy Linear Programming Problem",
  booktitle = "Fuzzy Logic in Intelligent System Design",
  address = "Cham",
  publisher = "Springer",
  pages = "281-286",
  series = "Advances in Intelligent Systems and Computing 648",
  venue = "Cancum",
  eventdate = "2017-10-16/2017-10-18",
}

@article{Jasek2018,
  author = "Jašek, Pavel and Vraná, Lenka and Šperková, Lucie and Smutný, Zdeněk and Kobulský, Marek",
  year = "2018",
  url = "http://www.mdpi.com/2227-9709/5/1/2/pdf",
  title = "Modeling and Application of Customer Lifetime Value in Online Retail",
  journal = "Informatics",
  volume = "5",
  number = "1",
  numpages = "22",
}

@inproceedings{wirth2000crisp,
	title="CRISP-DM: Towards a standard process model for data mining",
	author="Wirth, Rudiger and Hipp, Jochen",
	booktitle="Proceedings of the 4th international conference on the practical applications of knowledge discovery and data mining",
	volume="1",
	pages="29--40",
	year="2000",
	organization="Manchester"
}

@article{doi:10.1080/00401706.1969.10490657,
	author = { Frank E.   Grubbs },
	title = {Procedures for Detecting Outlying Observations in Samples},
	journal = {Technometrics},
	volume = {11},
	number = {1},
	pages = {1-21},
	year  = {1969},
	publisher = {Taylor & Francis},
	doi = {10.1080/00401706.1969.10490657},
	URL = { 
		https://www.tandfonline.com/doi/abs/10.1080/00401706.1969.10490657
	},
	eprint = { 
		https://www.tandfonline.com/doi/pdf/10.1080/00401706.1969.10490657
	}
}


@inproceedings{jain2008wildcense,
	title={wildCENSE: GPS based animal tracking system},
	author={Jain, Vishwas Raj and Bagree, Ravi and Kumar, Aman and Ranjan, Prabhat},
	booktitle={2008 International Conference on Intelligent Sensors, Sensor Networks and Information Processing},
	pages={617--622},
	year={2008},
	organization={IEEE}
}

@article{schwager2007robust,
	title={Robust classification of animal tracking data},
	author={Schwager, Mac and Anderson, Dean M and Butler, Zack and Rus, Daniela},
	journal={Computers and Electronics in Agriculture},
	volume={56},
	number={1},
	pages={46--59},
	year={2007},
	publisher={Elsevier}
}